@incollection {whitney1935history,
    AUTHOR = {Whitney, Hassler},
     TITLE = {Moscow 1935: topology moving toward {A}merica},
 BOOKTITLE = {A century of mathematics in {A}merica, {P}art {I}},
    SERIES = {Hist. Math.},
    VOLUME = {1},
     PAGES = {97--117},
 PUBLISHER = {Amer. Math. Soc., Providence, RI},
      YEAR = {1988},
   MRCLASS = {01A60 (54-03 55-03)},
  MRNUMBER = {1003166},
MRREVIEWER = {F. Burton Jones},
}

@article{brumfiel2018pontrjagin,
	title={The {P}ontrjagin dual of 4-dimensional spin bordism. arXiv e-prints},
	author={Brumfiel, G and Morgan, J},
	journal={arXiv preprint arXiv:1803.08147},
	year={2018}
}

@article{brumfiel2020cochain,
	title={A Cochain Level Proof of Adem Relations in the Mod 2 {S}teenrod Algebra},
	author={Brumfiel, Greg and Medina-Mardones, Anibal M and Morgan, John},
	journal={arXiv preprint arXiv:2006.09354},
	year={2020}
}

@misc{tauzin2020giottotda,
	title={giotto-tda: A Topological Data Analysis Toolkit for Machine Learning and Data Exploration},
	author={Guillaume Tauzin and Umberto Lupo and Lewis Tunstall and Julian Burella PÃ©rez and Matteo Caorsi and Anibal Medina-Mardones and Alberto Dassatti and Kathryn Hess},
	year={2020},
	eprint={2004.02551},
	archivePrefix={arXiv},
	primaryClass={cs.LG}
}

@article{medina2018prop2,
	title={A finitely presented ${E}_{\infty}$-Prop {II}: cellular Context},
	author={Medina-Mardones, Anibal M.},
	journal={arXiv preprint arXiv:1808.07132},
	year={2018}
}

@article{medina2018axiomatic,
	title={An axiomatic characterization of {S}teenrod's cup-$i$ products},
	author={Medina-Mardones, Anibal M.},
	journal={arXiv preprint arXiv:1810.06505},
	year={2018}
}

@article{medina2018persistence,
	title={Persistence {S}teenrod modules},
	author={Medina-Mardones, Anibal M.},
	journal={arXiv preprint arXiv:1812.05031},
	year={2018}
}

@article {medina2020prop1,
	AUTHOR = {Medina-Mardones, Anibal M.},
	TITLE = {A finitely presented {$E_\infty$}-prop {I}: algebraic context},
	JOURNAL = {High. Struct.},
	FJOURNAL = {Higher Structures},
	VOLUME = {4},
	YEAR = {2020},
	NUMBER = {2},
	PAGES = {1--21},
	MRCLASS = {55P48 (18M85 18N50)},
	MRNUMBER = {4133162},
}

@article {medina2020globular,
	AUTHOR = {Medina-Mardones, Anibal M.},
	TITLE = {An algebraic representation of globular sets},
	JOURNAL = {Homology Homotopy Appl.},
	FJOURNAL = {Homology, Homotopy and Applications},
	VOLUME = {22},
	YEAR = {2020},
	NUMBER = {2},
	PAGES = {135--150},
	ISSN = {1532-0073},
	MRCLASS = {18N99 (18F99 55S05)},
	MRNUMBER = {4093174},
	DOI = {10.4310/hha.2020.v22.n2.a8},
	URL = {https://doi.org/10.4310/hha.2020.v22.n2.a8},
}

@article {medina2020cartan,
	AUTHOR = {Medina-Mardones, Anibal M.},
	TITLE = {An effective proof of the {C}artan formula: the even prime},
	JOURNAL = {J. Pure Appl. Algebra},
	FJOURNAL = {Journal of Pure and Applied Algebra},
	VOLUME = {224},
	YEAR = {2020},
	NUMBER = {12},
	PAGES = {106444, 18},
	ISSN = {0022-4049},
	MRCLASS = {55S10 (55S05 55S12)},
	MRNUMBER = {4102178},
	DOI = {10.1016/j.jpaa.2020.106444},
	URL = {https://doi.org/10.1016/j.jpaa.2020.106444},
}

@article{medina2020odd,
	title={Chain level {S}teenrod operations},
	author={Kaufmann, Ralph M and Medina-Mardones, Anibal M},
	journal={arXiv preprint arXiv:2010.02571},
	year={2020}
}

@article {cantero2020khovanov,
	AUTHOR = {Cantero Mor\'{a}n, Federico},
	TITLE = {Higher {S}teenrod squares for {K}hovanov homology},
	JOURNAL = {Adv. Math.},
	FJOURNAL = {Advances in Mathematics},
	VOLUME = {369},
	YEAR = {2020},
	PAGES = {107153, 79},
	ISSN = {0001-8708},
	MRCLASS = {55P42 (18N50 55S10 57K18)},
	MRNUMBER = {4094757},
	DOI = {10.1016/j.aim.2020.107153},
	URL = {https://doi.org/10.1016/j.aim.2020.107153},
}

@article {kapustin2017fermionic,
	AUTHOR = {Kapustin, Anton and Thorngren, Ryan},
	TITLE = {Fermionic {SPT} phases in higher dimensions and bosonization},
	JOURNAL = {J. High Energy Phys.},
	FJOURNAL = {Journal of High Energy Physics},
	YEAR = {2017},
	NUMBER = {10},
	PAGES = {080, front matter+48},
	ISSN = {1126-6708},
	MRCLASS = {81T30},
	MRNUMBER = {3731133},
	DOI = {10.1007/jhep10(2017)080},
	URL = {https://doi.org/10.1007/jhep10(2017)080},
}

@article{steenrod47products,
	title={Products of cocycles and extensions of mappings},
	author={Steenrod, Norman E},
	journal={Annals of Mathematics},
	pages={290--320},
	year={1947},
	publisher={JSTOR}
}

@article {steenrod53symmetric,
	AUTHOR = {Steenrod, N. E.},
	TITLE = {Homology groups of symmetric groups and reduced power
	operations},
	JOURNAL = {Proc. Nat. Acad. Sci. U.S.A.},
	FJOURNAL = {Proceedings of the National Academy of Sciences of the United
	States of America},
	VOLUME = {39},
	YEAR = {1953},
	PAGES = {213--217},
	ISSN = {0027-8424},
	MRCLASS = {56.0X},
	MRNUMBER = {54964},
	MRREVIEWER = {H. Cartan},
	DOI = {10.1073/pnas.39.3.213},
	URL = {https://doi.org/10.1073/pnas.39.3.213},
}